@article{Skript,
 author = {Prof. Dr.-Ing. Dietmar Heinz, Prof. Dr.-Ing. Hilke Würdemann},
 title = {Praktikumsskript, Umwelttechnik, Versuch 1: Thermische Abfallbehandlung - Grundlagen},
 %pages = {26},
 year = {2019}
}


@article{ersatzbrennstoffe,
	author = {{Michael Beckmann, Martin Pohl und Sokesimbone Ncube}},
	title = {Charakterisierung von Ersatzbrennstoffen -- brennstofftechnische Eigenschaften},
	url = {https://tu-dresden.de/ing/maschinenwesen/ifvu/evt/ressourcen/dateien/Veroeffentlichungen/Beckmann_90-07/Be-110.pdf?lang=de},
	lastchecked = {01.12.2019}
}


@booklet{PolymerServiceGmbHMerseburg.13.08.2019,
	editor = {{Polymer Service GmbH Merseburg}},
	year = {13.08.2019},
	title = {Teilchengef{\"u}llte Kunststoffe -- Lexikon der Kunststoffpr{\"u}fung},
	url = {https://wiki.polymerservice-merseburg.de/index.php/Teilchengef%C3%BCllte_Kunststoffe},
	lastchecked = {01.12.2019}
}


@booklet{Wikipedia.21.11.2019,
	editor = {Wikipedia},
	year = {21.11.2019},
	title = {F{\"u}llstoff},
	url = {https://de.wikipedia.org/w/index.php?oldid=186948324},
	lastchecked = {01.12.2019},
	file = {https://de.wikipedia.org/wiki/Füllstoff}
}








